@misc{tsx-need-barrier,
	title = {Demonstration of the need for a barrier in {TSX} failure paths},
	author = {Ben Blum},
	howpublished = {\url{https://gist.github.com/bblum/85f64858a35a74641be228f191144911}},
	year = {2018},
}
@misc{htm-mario,
	title = {Hardware Transactional Memory with {Intel}'s {TSX}},
	author = {Mario Dehesa-Azuara and Nick Stanley},
	howpublished = {\url{http://www.contrib.andrew.cmu.edu/~mdehesaa/}},
	year = {2016},
}
@inproceedings{epsilon,
	title = { What, if anything, is Epsilon? },
	author = { {Tom Murphy} VII },
	series = { SIGBOVIK },
	year = { 2014 },
}
@inproceedings{turniness,
	title = { Which {ITG} Stepcharts are Turniest? },
	author = { Ben Blum },
	series = { SIGBOVIK },
	year = { 2016 },
}
@inproceedings{itg-translation1,
	author = {Karakos, Damianos and Eisner, Jason and Khudanpur, Sanjeev and Dreyer, Markus},
	title = {Machine Translation System Combination Using {ITG}-based Alignments},
	booktitle = {Proceedings of the 46th Annual Meeting of the Association for Computational Linguistics on Human Language Technologies: Short Papers},
	series = {HLT-Short '08},
	year = {2008},
	url = {http://dl.acm.org/citation.cfm?id=1557690.1557712},
	acmid = {1557712},
	publisher = {Association for Computational Linguistics},
}
@article{itg-translation2,
	author = {Goto, Isao and Utiyama, Masao and Sumita, Eiichiro},
	title = {Post-Ordering by Parsing with {ITG} for {Japanese}-{English} Statistical Machine Translation},
	issue_date = {October 2013},
	volume = {12},
	number = {4},
	month = oct,
	year = {2013},
	issn = {1530-0226},
	articleno = {17},
	url = {http://doi.acm.org/10.1145/2518100},
	doi = {10.1145/2518100},
	acmid = {2518100},
	publisher = {ACM},
	keywords = {Machine translation, inversion transduction grammar, parsing, post-ordering},
}
@book{dnd-mm,
	title = {Advanced Dungeons \& Dragons: Monster Manual},
	author = {Gary Gygax},
	publisher = {TSR},
	year = 1977
}
@book{dnd-phb,
	title = {Advanced Dungeons \& Dragons: Player's Handbook},
	author = {Gary Gygax},
	publisher = {TSR},
	year = 1978
}
@book{dnd-dmg,
	title = {Advanced Dungeons \& Dragons: Dungeon Master's Guide},
	author = {Gary Gygax},
	publisher = {TSR},
	year = 1979
}

@misc{rdr,
	title = {The Random Distance Run},
	author = {Wolfgang Richter and CMU Computer Science Department and {Random Structures and Algorithms}},
	howpublished = {\url{http://www.cs.cmu.edu/~RDR/}},
	year = 2012
}

@misc{GoLang,
	title = {The {Go} Programming Language Specification},
	author = {Google},
	howpublished = {\url{http://golang.org/ref/spec}},
	note = {With the {Go Team}},
	year = 2012
}

@misc{RustLang,
	title = {{Rust} Reference Manual},
	author = {Graydon Hoare},
	howpublished = {\url{http://dl.rust-lang.org/doc/rust.html}},
	note = {With the {Rust Team}},
	year = 2012
}

@misc{CSharp,
	title = {Standard {ECMA}-334, {C}$\sharp$ Language Specification},
	author = {Technical Committee 39 Task Group 2, Ecma},
	howpublished = {\url{http://www.ecma-international.org/publications/standards/Ecma-334.htm}},
	year = 2006
}

@misc{Erlang,
	title = {{Erlang} 4.7.3 Reference Manual (Draft, 0.7)},
	author = {Jonas Barklund and Robert Virding},
	howpublished = {\url{http://www.erlang.org/download/erl_spec47.ps.gz}},
	year = 1999
}

@article{haskell98,
	 author = {Simon {Peyton Jones}},
	 title = {The {Haskell} 98 Language and Libraries: The Revised Report},
	 journal = {Journal of Functional Programming},
	 volume = 13,
	 number = 1,
	 month = {Jan},
	 year = 2003,
	 note = {\url{http://www.haskell.org/definition/}},
}

@book{python,
	author = {Beazley, David and Rossum, Guido Van},
	title = {Python; Essential Reference},
	year = {1999},
	isbn = {0735709017},
	publisher = {New Riders Publishing},
}

@inproceedings{sml,
	author = {Dreyer, Derek and Crary, Karl and Harper, Robert},
	title = {A type system for higher-order modules},
	booktitle = {Proceedings of the 30th ACM SIGPLAN-SIGACT symposium on Principles of programming languages},
	series = {POPL '03},
	year = {2003},
	isbn = {1-58113-628-5},
	url = {http://doi.acm.org/10.1145/604131.604151},
	doi = {10.1145/604131.604151},
	acmid = {604151},
	publisher = {ACM},
	keywords = {abstract data types, computational effects, functors, generativity, modularity, singleton types, type theory},
}

@book{lambda,
	author = {Church, Alonzo},
	title = {The Calculi of Lambda Conversion. (AM-6) (Annals of Mathematics Studies)},
	year = {1985},
	isbn = {0691083940},
	publisher = {Princeton University Press},
}
@inproceedings{twoface,
	author = {Ben Blum},
	title = {A Randomized Commit Protocol for Adversarial - Nay, Supervillain - Workloads},
	booktitle = {Proceedings of the 6th Annual Intercalary Workshop about Symposium on Robot Dance Party in Celebration of Harry Q. Bovik's $2^6$th birthday},
	year = {2012},
}
@inproceedings{patenttroll,
	author = {Robert J. Simmons and Tom Murphy VII},
	title = {A modest proposal for the purity of programming},
	booktitle = {Proceedings of the 6th Annual Intercalary Workshop about Symposium on Robot Dance Party in Celebration of Harry Q. Bovik's $2^6$th birthday},
	year = {2012},
}
@inproceedings{mla,
	author = {Richard Ha},
	title = {{MLA}-Style Programming},
	booktitle = {Proceedings of the 5th Annual Intercalary Workshop about Symposium on Robot Dance Party in Celebration of Harry Q. Bovik's $2^6$th birthday},
	year = {2011},
}
@inproceedings{wikiplia,
	author = {Tom Murphy 7},
	title = {Wikiplia: The free programming language that anyone can edit},
	booktitle = {Proceedings of the 1st Annual Intercalary Workshop about Symposium on Robot Dance Party in Celebration of Harry Q. Bovik's $2^6$th birthday},
	year = {2007},
}

@inproceedings{patterns,
	author = {Sara Ezgi Akgul},
	title = {This is how we {DO} in {DDRillini}},
	booktitle = {DDR + ITG Players Facebook Group},
	year = {2015},
}

@misc{rocketleague,
	title = {Rocket League},
	author = {Psyonix},
	howpublished = {Video game},
	year = {2015},
}
@misc{konami,
	title = { {Konami Corporation} v. {Roxor Games, Inc.}, {Mad Catz, Inc}., and {Redoctane} },
	author = { Konami },
	howpublished = { United States District Court for the Eastern District of Texas },
	year = { 2005 },
}
@inproceedings{deltax,
	title = { {DeltaX}: A New Paradigm for Machine Translation },
	author = { Greg Hanneman },
	series = { A Record of The Proceedings of SIGBOVIK 2010 },
	year = { 2010 },
}
@inproceedings{ode,
	title = {Ode to Reviewer Two},
	shorthand = {Anonymized},
	author = {Anonymized for Double-Blind Submission},
	series = {SIGBOVIK 10 (that's decimal, not binary)},
	year = { 2016 },
}
@inproceedings{weirdtrick,
	title = { Find a Separating Hyperplane with this One Weird Kernel Trick! },
	author = { David F. Fouhey and Daniel Maturana },
	series = { Proceedings of the 7 th ACH SIGBOVIK Special Interest Group on Harry Quechua Bovik },
	year = { 2013 },
}

@book{bruteforce1,
 author = {Apostol, Klaas},
 title = {Brute-force Attack},
 year = {2012},
 isbn = {613627454X, 9786136274546},
 publisher = {SaluPress},
} 
@book{bruteforce2,
 author = {Curtin, Matt},
 title = {Brute Force: Cracking the Data Encryption Standard},
 year = {2005},
 isbn = {0387201092},
 publisher = {Springer-Verlag},
} 

@misc{callofthehound,
	title = { Rynker - Call of the Hound (Tachyon Epsilon 20) 88.21 },
	author = { Ryan Konkul },
	howpublished = { \url{https://www.youtube.com/watch?v=6yB5WmIBZPk} },
	year = { 2014 },
}
@misc{teamdragonforce,
	title = {TEAM DRAGONFORCE},
	author = {Zetorux and {WinDEU}},
	howpublished = {\url{https://www.youtube.com/watch?v=uSfx5Zdgyfc}},
	year = {2008},
}
@misc{dawgsinthehouse,
	title = { [DDR] Canblaster - "Dawgs in da House" Stupid Doubles Chart (10) },
	author = { {thattagen} },
	howpublished = { \url{https://www.youtube.com/watch?v=CZlB16BroPg} },
	year = { 2014 },
}
@misc{alanv,
	author = {Alan Vangpat},
	howpublished = {\url{http://photos2.alanv.org/}},
	year = {2015},
}
@misc{stepmania,
	author = {{StepMania 5.0}},
	howpublished = {\url{http://www.stepmania.com/}},
	year = {2016},
}
@inproceedings{sickdubstep,
	title = {Sick Dubstep Track},
	author = {mute and Captain Gotobed},
	note = {Challenge 6482},
	series = {Mute Sims 7},
	year = {2011},
}
@inproceedings{oedo,
	title = {Oedo Hop},
	author = {sssmsm and Palpable},
	note = {Medium 7},
	series = {r2112},
	year = {2007},
}
@inproceedings{utopia,
	title = {Utopia},
	author = {C. Foy and Kyle Ward \smiley},
	note = {Challenge 11},
	series = {In The Groove 1},
	year = {2004},
}
@inproceedings{brilliant2u,
	title = {BRILLIANT {2U} (Orchestra-Groove)},
	author = {Konami},
	note = {Challenge 8},
	year = {DDR 2ndMIX},
}
@inproceedings{dome,
	title = {DO ME ({H.I.G.E.O.} Mix)},
	author = {Konami},
	note = {Easy 3},
	year = {DDR 4thMIX PLUS},
}
@inproceedings{botenanna,
	title = {Boten Anna},
	author = {{MIDI} and Basshunter},
	note = {Challenge 11},
	series = {In The Groove Rebirth +},
	year = {2007},
}
@inproceedings{deltamax,
	title = {{$\Delta$MAX}},
	author = {{WinDEU} and DM Ashura},
	note = {Challenge 15},
	series = {Tachyon Alpha},
	year = {2009},
}
@misc{simplylove,
	author = {Lara {hurtpiggypig}},
	title = {Simply Love},
	howpublished = {Simply Love is a custom theme designed for Stepmania 3.95 or ITG arcade machines.},
	year = {2013},
}
@article{bochs,
	author = {Lawton, Kevin P.},
	title = {Bochs: A Portable {PC} Emulator for {Unix}/{X}},
	journal = {Linux J.},
	issue_date = {Sept. 1996},
	volume = {1996},
	number = {29es},
	month = sep,
	year = {1996},
	issn = {1075-3583},
	articleno = {7},
	url = {http://dl.acm.org/citation.cfm?id=326350.326357},
	acmid = {326357},
	publisher = {Belltown Media},
}
@inproceedings{itg2,
	author = {Blum, Ben},
	title = {A Boring Follow-Up Paper to ``{Which} {ITG} Stepcharts are Turniest?'' Titled, ``{Which} {ITG} Stepcharts are Crossoveriest and/or Footswitchiest?''},
	booktitle = {Proceedings of the 11th ACH SIGBOVIK Conference in Celebration of Harry Q. Bovik's $2^6$th Birthday},
	series = {SIGBOVIK '17},
	year = {2017},
	url = {http://sigbovik.org/2017/proceedings.pdf},
	publisher = {ACH},
}
@book{hhgg-reu,
	title = {The Restaurant at the End of the Universe},
	author = {Douglas Adams},
	year = {1980},
	isbn = {0-345-39181-0},
}
@inproceedings{si-tm,
	author = {Litz, Heiner and Cheriton, David and Firoozshahian, Amin and Azizi, Omid and Stevenson, John P.},
	title = {SI-TM: Reducing Transactional Memory Abort Rates Through Snapshot Isolation},
	booktitle = {Proceedings of the 19th International Conference on Architectural Support for Programming Languages and Operating Systems},
	series = {ASPLOS '14},
	year = {2014},
	isbn = {978-1-4503-2305-5},
	url = {http://doi.acm.org/10.1145/2541940.2541952},
	doi = {10.1145/2541940.2541952},
	acmid = {2541952},
	publisher = {ACM},
	keywords = {abort rate, multiversion concurrency, snapshot isolation, transactional memory},
}
@misc{tm-benchmark-github,
	author = {Uri Shamay},
	title = {Benchmark {Intel} {TSX} (Transactional Synchronization Extension) Hardware Transactional Memory on my sandbox},
	year = {2014},
	howpublished = {\url{https://github.com/cmpxchg16/tsx.me}},
}
@misc{tm-benchmark-cmu,
	author = {Mario Dehesa-Azuara and Nick Stanley},
	title = {Hardware Transactional Memory with {Intel}'s {TSX}},
	year = {2016},
	howpublished = {\url{http://www.contrib.andrew.cmu.edu/~mdehesaa/}},
}
@inproceedings{tm-completeness,
	author = {Guerraoui, Rachid and Henzinger, Thomas A. and Singh, Vasu},
	title = {Completeness and Nondeterminism in Model Checking Transactional Memories},
	booktitle = {Concurrency Theory},
	series = {CONCUR '08},
	year = {2008},
	isbn = {978-3-540-85360-2},
	url = {http://dx.doi.org/10.1007/978-3-540-85361-9_6},
	doi = {10.1007/978-3-540-85361-9_6},
	acmid = {1431506},
	publisher = {Springer-Verlag},
}
@inproceedings{tm-correctness,
	author = {Guerraoui, Rachid and Kapalka, Michal},
	title = {On the Correctness of Transactional Memory},
	booktitle = {Principles and Practice of Parallel Programming},
	series = {PPoPP '08},
	year = {2008},
	isbn = {978-1-59593-795-7},
	url = {http://doi.acm.org/10.1145/1345206.1345233},
	doi = {10.1145/1345206.1345233},
	acmid = {1345233},
	publisher = {ACM},
	keywords = {correctness, lower bound, model, transactional memory},
}
@inproceedings{mc-tm-with-spin,
	author = {O'Leary, John and Saha, Bratin and Tuttle, Mark R.},
	title = {Model Checking Transactional Memory with {Spin}},
	booktitle = {Principles of Distributed Computing},
	series = {PODC '08},
	year = {2008},
	isbn = {978-1-59593-989-0},
	url = {http://doi.acm.org/10.1145/1400751.1400816},
	doi = {10.1145/1400751.1400816},
	acmid = {1400816},
	publisher = {ACM},
	keywords = {model checking, spin, transactional memory},
}
@inproceedings{stm-relaxed-memory,
	author = {Guerraoui, Rachid and Henzinger, Thomas A. and Singh, Vasu},
	title = {Software Transactional Memory on Relaxed Memory Models},
	booktitle = {Computer Aided Verification},
	series = {CAV '09},
	year = {2009},
	isbn = {978-3-642-02657-7},
	url = {http://dx.doi.org/10.1007/978-3-642-02658-4_26},
	doi = {10.1007/978-3-642-02658-4_26},
	acmid = {1575089},
	publisher = {Springer-Verlag},
}
@article{specifying-verifying-tm,
	author = {Doherty, Simon and Groves, Lindsay and Luchangco, Victor and Moir, Mark},
	title = {Towards Formally Specifying and Verifying Transactional Memory},
	journal = {Electron. Notes Theor. Comput. Sci.},
	issue_date = {December, 2009},
	volume = {259},
	month = dec,
	year = {2009},
	issn = {1571-0661},
	url = {http://dx.doi.org/10.1016/j.entcs.2010.01.001},
	doi = {10.1016/j.entcs.2010.01.001},
	acmid = {1842001},
	publisher = {Elsevier Science Publishers B. V.},
	keywords = {Transactional memory, correctness condition, opacity, simulation, virtual worlds consistency},
}
@article{learning-concurrency,
	author = {Kolikant, Yifat Ben-David},
	title = {Learning Concurrency: Evolution of Students' Understanding of Synchronization},
	journal = {Int. J. Hum.-Comput. Stud.},
	issue_date = {February 2004},
	volume = {60},
	number = {2},
	month = feb,
	year = {2004},
	issn = {1071-5819},
	url = {http://dx.doi.org/10.1016/j.ijhcs.2003.10.005},
	doi = {10.1016/j.ijhcs.2003.10.005},
	acmid = {979832},
	publisher = {Academic Press, Inc.},
}
@inproceedings{learning-from-mistakes,
	author = {Lu, Shan and Park, Soyeon and Seo, Eunsoo and Zhou, Yuanyuan},
	title = {Learning from Mistakes: A Comprehensive Study on Real World Concurrency Bug Characteristics},
	booktitle = {Proceedings of the 13th International Conference on Architectural Support for Programming Languages and Operating Systems},
	series = {ASPLOS XIII},
	year = {2008},
	isbn = {978-1-59593-958-6},
	url = {http://doi.acm.org/10.1145/1346281.1346323},
	doi = {10.1145/1346281.1346323},
	acmid = {1346323},
	publisher = {ACM},
	keywords = {bug characteristics, concurrency bug, concurrent program},
}
@article{towards-a-framework,
	author = {Eytani, Yaniv and Havelund, Klaus and Stoller, Scott D. and Ur, Shmuel},
	title = {Towards a Framework and a Benchmark for Testing Tools for Multi-threaded Programs: Research Articles},
	journal = {Concurr. Comput. : Pract. Exper.},
	issue_date = {March 2007},
	volume = {19},
	number = {3},
	month = mar,
	year = {2007},
	issn = {1532-0626},
	url = {https://doi.org/10.1002/cpe.v19:3},
	doi = {10.1002/cpe.v19:3},
	acmid = {1228973},
	publisher = {John Wiley and Sons Ltd.},
	keywords = {benchmark, concurrency, multi-threaded, testing},
}
@inproceedings{how-studence,
	author = {L\"{o}nnberg, Jan and Berglund, Anders and Malmi, Lauri},
	title = {How Students Develop Concurrent Programs},
	booktitle = {Proceedings of the Eleventh Australasian Conference on Computing Education - Volume 95},
	series = {ACE '09},
	year = {2009},
	isbn = {978-1-920682-76-7},
	url = {http://dl.acm.org/citation.cfm?id=1862712.1862732},
	acmid = {1862732},
	publisher = {Australian Computer Society, Inc.},
}
@inproceedings{djit,
	author = {Pozniansky, Eli and Schuster, Assaf},
	title = {Efficient On-the-fly Data Race Detection in Multithreaded {C++} Programs},
	booktitle = {Principles and Practice of Parallel Programming},
	series = {PPoPP '03},
	year = {2003},
	acmid = {781529},
	publisher = {ACM},
	keywords = {concurrency, data race, instrumentation, multithreading, synchronization},
}
@inproceedings{teaching-android,
	author = {Andrus, Jeremy and Nieh, Jason},
	title = {Teaching Operating Systems Using {Android}},
	booktitle = {Proceedings of the 43rd ACM Technical Symposium on Computer Science Education},
	series = {SIGCSE '12},
	year = {2012},
	isbn = {978-1-4503-1098-7},
	url = {http://doi.acm.org/10.1145/2157136.2157312},
	doi = {10.1145/2157136.2157312},
	acmid = {2157312},
	publisher = {ACM},
	keywords = {android, mobile devices, operating systems},
}
@inproceedings{nachos,
	author = {Christopher, Wayne A. and Procter, Steven J. and Anderson, Thomas E.},
	title = {The {Nachos} Instructional Operating System},
	booktitle = {Proceedings of the USENIX Winter 1993 Conference Proceedings on USENIX Winter 1993 Conference Proceedings},
	series = {USENIX'93},
	year = {1993},
	url = {http://dl.acm.org/citation.cfm?id=1267303.1267307},
	acmid = {1267307},
	publisher = {USENIX Association},
}
@techreport{quicksand-soundness,
	author = {Ben Blum},
	title = {Soundness Proofs for Iterative Deepening},
	institution = {Carnegie Mellon University},
	month = {September},
	year = {2016},
	url = {http://www.pdl.cmu.edu/PDL-FTP/associated/CMU-PDL-16-103.pdf},
	number = {CMU-PDL-16-103},
}
@inproceedings{quicksand,
	author = {Blum, Ben and Gibson, Garth},
	title = {Stateless Model Checking with Data-race Preemption Points},
	booktitle = {Object-Oriented Programming, Systems, Languages, and Applications},
	series = {OOPSLA 2016},
	year = {2016},
	isbn = {978-1-4503-4444-9},
	url = {http://doi.acm.org/10.1145/2983990.2984036},
	doi = {10.1145/2983990.2984036},
	acmid = {2984036},
	publisher = {ACM},
	keywords = {data races, model checking, verification},
}
@misc{uchicago-cs230,
	author = {Gunawi, Haryadi},
	title = {CMSC 23000 (CS 230): Operating Systems (Autumn 2014)},
	institution = {University of Chicago},
	year = {2014},
	howpublished = {\url{https://www.classes.cs.uchicago.edu/archive/2014/fall/23000-1/}},
}
@misc{berkeley-cs162,
	author = {Joseph, Anthony},
	title = {CS162: Operating Systems and Systems Programming},
	institution = {University of California at Berkeley},
	year = {2016},
	howpublished = {\url{https://cs162.eecs.berkeley.edu/}},
}
@misc{standford-cs140,
	author = {Ousterhout, John},
	title = {{CS} 140: Operating Systems (Winter 2016)},
	institution = {Stanford University},
	year = {2016},
	howpublished = {\url{http://web.stanford.edu/~ouster/cgi-bin/cs140-winter16/index.php}},
}
@misc{htm-gcc,
	author = {{GNU Foundation}},
	title = {X86 transaction memory intrinsics},
	year = {2016},
	howpublished = {\url{https://gcc.gnu.org/onlinedocs/gcc-4.8.2/gcc/X86-transactional-memory-intrinsics.html}}
}
@inproceedings{htm-performance,
	title={Performance evaluation of {Intel}{(R)} transactional synchronization extensions for high-performance computing},
	author={Yoo, Richard M and Hughes, Christopher J and Lai, Konrad and Rajwar, Ravi},
	booktitle={High Performance Computing, Networking, Storage and Analysis (SC)},
	year={2013},
	organization={IEEE}
}
@article{htm-haswell,
	title={Haswell: The fourth-generation {Intel} core processor},
	author={Hammarlund, Per and Kumar, Rajesh and Osborne, Randy B and Rajwar, Ravi and Singhal, Ronak and D'Sa, Reynold and Chappell, Robert and Kaushik, Shiv and Chennupaty, Srinivas and Jourdan, Stephan and others},
	journal={IEEE Micro},
	number={2},
	year={2014},
	publisher={IEEE}
}
@inproceedings{htm-experience,
	author = {Dice, Dave and Lev, Yossi and Moir, Mark and Nussbaum, Daniel},
	title = {Early Experience with a Commercial Hardware Transactional Memory Implementation},
	booktitle = {Architectural Support for Programming Languages and Operating Systems},
	series = {ASPLOS XIV},
	year = {2009},
	isbn = {978-1-60558-406-5},
	url = {http://doi.acm.org/10.1145/1508244.1508263},
	doi = {10.1145/1508244.1508263},
	acmid = {1508263},
	publisher = {ACM},
	keywords = {hardware, synchronization, transactional memory},
}
@inproceedings{hybrid-htm-stm,
	author = {Chapman, Keith and Hosking, Antony L. and Moss, J. Eliot B.},
	title = {Hybrid {STM}/{HTM} for Nested Transactions on {OpenJDK}},
	booktitle = {Proceedings of the 2016 ACM SIGPLAN International Conference on Object-Oriented Programming, Systems, Languages, and Applications},
	series = {OOPSLA 2016},
	year = {2016},
	isbn = {978-1-4503-4444-9},
	url = {http://doi.acm.org/10.1145/2983990.2984029},
	doi = {10.1145/2983990.2984029},
	acmid = {2984029},
	publisher = {ACM},
	keywords = {Java, hardware transactional memory, nested transactions, software transactional memory, transactional memory},
}
@inproceedings{stm-pldi06,
	author = {Adl-Tabatabai, Ali-Reza and Lewis, Brian T. and Menon, Vijay and Murphy, Brian R. and Saha, Bratin and Shpeisman, Tatiana},
	title = {Compiler and Runtime Support for Efficient Software Transactional Memory},
	booktitle = {Programming Language Design and Implementation},
	series = {PLDI '06},
	year = {2006},
	publisher = {ACM},
	keywords = {code generation, compiler optimizations, locking, synchronization, transactional memory, virtual machines},
}
@inproceedings{transactional-memory,
	author = {Herlihy, Maurice and Moss, J. Eliot B.},
	title = {Transactional Memory: Architectural Support for Lock-free Data Structures},
	booktitle = {International Symposium on Computer Architecture},
	series = {ISCA '93},
	year = {1993},
	isbn = {0-8186-3810-9},
	url = {http://doi.acm.org/10.1145/165123.165164},
	doi = {10.1145/165123.165164},
	acmid = {165164},
	publisher = {ACM},
}
@inproceedings{rust-language,
	author = {Matsakis, Nicholas D. and Klock,II, Felix S.},
	title = {The {Rust} Language},
	booktitle = {Proceedings of the 2014 ACM SIGAda Annual Conference on High Integrity Language Technology},
	series = {HILT '14},
	year = {2014},
	isbn = {978-1-4503-3217-0},
	url = {http://doi.acm.org/10.1145/2663171.2663188},
	doi = {10.1145/2663171.2663188},
	acmid = {2663188},
	publisher = {ACM},
	keywords = {affine type systems, memory management, rust, systems programming},
}
@misc{unaligned-writes,
	author = {Chris Lu},
	title = {{unaligned writes are bad}},
	year = {2014},
	howpublished = {\url{https://gist.github.com/kalenedrael/323bab7e624f88d0edde}},
}
@article{incompleteness,
	author = {G\"{o}del, Kurt},
	year = {1931},
	title = {\"{U}ber formal unentscheidbare S\"{a}tze der Principia Mathematica und verwandter Systeme, {I}},
	journal = {Monatshefte f\"{u}r Mathematik und Physik},
	volume = {38},
	number = {1},
}
@inproceedings{z3,
	author = {De Moura, Leonardo and Bj{\o}rner, Nikolaj},
	title = {Z3: An Efficient {SMT} Solver},
	booktitle = {Proceedings of the Theory and Practice of Software, 14th International Conference on Tools and Algorithms for the Construction and Analysis of Systems},
	series = {TACAS'08/ETAPS'08},
	year = {2008},
	isbn = {3-540-78799-2, 978-3-540-78799-0},
	ocation = {Budapest, Hungary},
	url = {http://dl.acm.org/citation.cfm?id=1792734.1792766},
	acmid = {1792766},
	publisher = {Springer-Verlag},
}
@incollection{mooreslaw,
	author = {Moore, Gordon E.},
	chapter = {Cramming More Components Onto Integrated Circuits},
	title = {Readings in Computer Architecture},
	editor = {Hill, Mark D. and Jouppi, Norman P. and Sohi, Gurindar S.},
	year = {2000},
	isbn = {1-55860-539-8},
	url = {http://dl.acm.org/citation.cfm?id=333067.333074},
	acmid = {333074},
	publisher = {Morgan Kaufmann Publishers Inc.},
}
@inproceedings{sealing,
	author = {Ball, Thomas and Burckhardt, Sebastian and Coons, Katherine E. and Musuvathi, Madanlal and Qadeer, Shaz},
	title = {Preemption Sealing for Efficient Concurrency Testing},
	booktitle = {Proceedings of the 16th International Conference on Tools and Algorithms for the Construction and Analysis of Systems},
	series = {TACAS'10},
	year = {2010},
	isbn = {3-642-12001-6, 978-3-642-12001-5},
	url = {http://dx.doi.org/10.1007/978-3-642-12002-2_35},
	doi = {10.1007/978-3-642-12002-2_35},
	acmid = {2175600},
	publisher = {Springer-Verlag},
}
@inproceedings{predictive-dr,
	author = {Smaragdakis, Yannis and Evans, Jacob and Sadowski, Caitlin and Yi, Jaeheon and Flanagan, Cormac},
	title = {Sound Predictive Race Detection in Polynomial Time},
	booktitle = {Proceedings of the 39th Annual ACM SIGPLAN-SIGACT Symposium on Principles of Programming Languages},
	series = {POPL '12},
	year = {2012},
	isbn = {978-1-4503-1083-3},
	url = {http://doi.acm.org/10.1145/2103656.2103702},
	doi = {10.1145/2103656.2103702},
	acmid = {2103702},
	publisher = {ACM},
	keywords = {dynamic analysis, happens-before, race detection},
}
@inproceedings{unnamed-android,
	author = {Bielik, Pavol and Raychev, Veselin and Vechev, Martin},
	title = {Scalable Race Detection for {Android} Applications},
	booktitle = {Proceedings of the 2015 ACM SIGPLAN International Conference on Object-Oriented Programming, Systems, Languages, and Applications},
	series = {OOPSLA 2015},
	year = {2015},
	isbn = {978-1-4503-3689-5},
	url = {http://doi.acm.org/10.1145/2814270.2814303},
	doi = {10.1145/2814270.2814303},
	acmid = {2814303},
	publisher = {ACM},
	keywords = {Android, Data Races, Happens-before, Non-determinism},
}
@inproceedings{r4,
	author = {Jensen, Casper S. and M{\o}ller, Anders and Raychev, Veselin and Dimitrov, Dimitar and Vechev, Martin},
	title = {Stateless Model Checking of Event-driven Applications},
	booktitle = {Object-Oriented Programming, Systems, Languages, and Applications},
	series = {OOPSLA 2015},
	year = {2015},
	isbn = {978-1-4503-3689-5},
	url = {http://doi.acm.org/10.1145/2814270.2814282},
	doi = {10.1145/2814270.2814282},
	acmid = {2814282},
	publisher = {ACM},
	keywords = {Model checking, data races, event-driven applications, partial order reduction, web applications},
}
@article{memory-consistency-models,
	author = {Adve, Sarita V. and Gharachorloo, Kourosh},
	title = {Shared Memory Consistency Models: A Tutorial},
	journal = {Computer},
	issue_date = {December 1996},
	volume = {29},
	number = {12},
	month = dec,
	year = {1996},
	issn = {0018-9162},
	url = {http://dx.doi.org/10.1109/2.546611},
	doi = {10.1109/2.546611},
	acmid = {620590},
	publisher = {IEEE Computer Society Press},
}
@inproceedings{randomized-scheduler,
	author = {Burckhardt, Sebastian and Kothari, Pravesh and Musuvathi, Madanlal and Nagarakatte, Santosh},
	title = {A Randomized Scheduler with Probabilistic Guarantees of Finding Bugs},
	booktitle = {Architectural Support for Programming Languages and Operating Systems},
	series = {ASPLOS XV},
	year = {2010},
	isbn = {978-1-60558-839-1},
	url = {http://doi.acm.org/10.1145/1736020.1736040},
	doi = {10.1145/1736020.1736040},
	acmid = {1736040},
	publisher = {ACM},
	keywords = {concurrency, race conditions, randomized algorithms, testing},
}
@inproceedings{satcheck,
	author = {Demsky, Brian and Lam, Patrick},
	title = {{SATCheck}: {SAT}-directed Stateless Model Checking for {SC} and {TSO}},
	booktitle = {Object-Oriented Programming, Systems, Languages, and Applications},
	series = {OOPSLA 2015},
	year = {2015},
	isbn = {978-1-4503-3689-5},
	url = {http://doi.acm.org/10.1145/2814270.2814297},
	doi = {10.1145/2814270.2814297},
	acmid = {2814297},
	publisher = {ACM},
	keywords = {Relaxed memory model, model checking},
}
@article{boehm-memorymodels,
	author = {Adve, Sarita V. and Boehm, Hans-J.},
	title = {Memory Models: A Case for Rethinking Parallel Languages and Hardware},
	journal = {Commun. ACM},
	issue_date = {August 2010},
	volume = {53},
	number = {8},
	month = aug,
	year = {2010},
	issn = {0001-0782},
	url = {http://doi.acm.org/10.1145/1787234.1787255},
	doi = {10.1145/1787234.1787255},
	acmid = {1787255},
	publisher = {ACM},
}
@inproceedings{ifrit,
	author = {Effinger-Dean, Laura and Lucia, Brandon and Ceze, Luis and Grossman, Dan and Boehm, Hans-J.},
	title = {{IFRit}: Interference-free Regions for Dynamic Data-race Detection},
	booktitle = {Proceedings of the ACM International Conference on Object Oriented Programming Systems Languages and Applications},
	series = {OOPSLA '12},
	year = {2012},
	isbn = {978-1-4503-1561-6},
	url = {http://doi.acm.org/10.1145/2384616.2384650},
	doi = {10.1145/2384616.2384650},
	acmid = {2384650},
	publisher = {ACM},
	keywords = {concurrency, data-race detection, interference-free regions},
}
@inproceedings{smc-empirical-study,
	author = {Thomson, Paul and Donaldson, Alastair F. and Betts, Adam},
	title = {Concurrency Testing Using Schedule Bounding: An Empirical Study},
	booktitle = {Proceedings of the 19th ACM SIGPLAN Symposium on Principles and Practice of Parallel Programming},
	series = {PPoPP '14},
	year = {2014},
	isbn = {978-1-4503-2656-8},
	url = {http://doi.acm.org/10.1145/2555243.2555260},
	doi = {10.1145/2555243.2555260},
	acmid = {2555260},
	publisher = {ACM},
	keywords = {concurrency, context bounding, stateless model checking, systematic concurrency testing},
}
@inproceedings{mazurkiewicz,
	author = {Mazurkiewicz, A},
	title = {Trace Theory},
	booktitle = {Advances in Petri Nets 1986, Part II on Petri Nets: Applications and Relationships to Other Models of Concurrency},
	year = {1987},
	isbn = {0-387-17906-2},
	url = {http://dl.acm.org/citation.cfm?id=25542.25553},
	acmid = {25553},
	publisher = {Springer-Verlag},
}
@article{coverity,
	author = {Bessey, Al and Block, Ken and Chelf, Ben and Chou, Andy and Fulton, Bryan and Hallem, Seth and Henri-Gros, Charles and Kamsky, Asya and McPeak, Scott and Engler, Dawson},
	title = {A Few Billion Lines of Code Later: Using Static Analysis to Find Bugs in the Real World},
	journal = {Commun. ACM},
	issue_date = {February 2010},
	volume = {53},
	number = {2},
	month = feb,
	year = {2010},
	issn = {0001-0782},
	url = {http://doi.acm.org/10.1145/1646353.1646374},
	doi = {10.1145/1646353.1646374},
	acmid = {1646374},
	publisher = {ACM},
}
@inproceedings{inspect,
	author = {Yang, Yu and Chen, Xiaofang and Gopalakrishnan, Ganesh and Kirby, Robert M.},
	title = {Efficient Stateful Dynamic Partial Order Reduction},
	booktitle = {Workshop on Model Checking Software},
	series = {SPIN '08},
	year = {2008},
	isbn = {978-3-540-85113-4},
	url = {http://dx.doi.org/10.1007/978-3-540-85114-1_20},
	doi = {10.1007/978-3-540-85114-1_20},
	acmid = {1429100},
	publisher = {Springer-Verlag},
}
@article{entscheidungsproblem,
	author = {Turing, A. M.},
	title = {On Computable Numbers, with an Application to the Entscheidungsproblem},
	volume = {s2-42},
	number = {1},
	year = {1937},
	doi = {10.1112/plms/s2-42.1.230},
	URL = {http://plms.oxfordjournals.org/content/s2-42/1/230.short},
	eprint = {http://plms.oxfordjournals.org/content/s2-42/1/230.full.pdf+html},
	journal = {Proceedings of the London Mathematical Society}
}
@inproceedings{vargomax,
	author = {Vargomax, Vargomax V.},
	title = {Generalized Super Mario Bros. is {NP}-Complete},
	booktitle = {Proceedings of the 1st ACH SIGBOVIK Conference in Celebration of Harry Q. Bovik's $2^6$th Birthday},
	series = {SIGBOVIK '07},
	year = {2007},
	url = {http://sigbovik.org/2007/papers/proceedings.pdf},
	publisher = {ACH},
	keywords = {NP-Complete, Luigi, Paint, Castles}
}
@misc{sparc-ssm,
	author = {Raj Prakash},
	title = {The Holy Grail - Real Time Memory Access Checking},
	institution = {Oracle},
	year = {2015},
	howpublished = {\url{https://blogs.oracle.com/raj/entry/the_holy_grail_real_time}},
}
@misc{rcu,
	author = {McKenney, Paul and Walpole, Jonathan},
	title = {What is {RCU}, fundamentally?},
	institution = {LWN.net},
	year = {2007},
	howpublished = {\url{https://lwn.net/Articles/262464/}},
}
@inproceedings{fairstatelessmc,
	author = {Musuvathi, Madanlal and Qadeer, Shaz},
	title = {Fair Stateless Model Checking},
	booktitle = {Proceedings of the 29th ACM SIGPLAN Conference on Programming Language Design and Implementation},
	series = {PLDI '08},
	year = {2008},
	isbn = {978-1-59593-860-2},
	url = {http://doi.acm.org/10.1145/1375581.1375625},
	doi = {10.1145/1375581.1375625},
	acmid = {1375625},
	publisher = {ACM},
	keywords = {concurrency, fairness, liveness, model checking, multi-threading, shared-memory programs, software testing},
}
@inproceedings{gambit,
	author = {Coons, Katherine E. and Burckhardt, Sebastian and Musuvathi, Madanlal},
	title = {GAMBIT: Effective Unit Testing for Concurrency Libraries},
	booktitle = {Proceedings of the 15th ACM SIGPLAN Symposium on Principles and Practice of Parallel Programming},
	series = {PPoPP '10},
	year = {2010},
	isbn = {978-1-60558-877-3},
	url = {http://doi.acm.org/10.1145/1693453.1693458},
	doi = {10.1145/1693453.1693458},
	acmid = {1693458},
	publisher = {ACM},
	keywords = {concurrency, model checking, multithreading, partial-order reduction, preemption bound, software testing},
}
@inproceedings{fasttrack,
	author = {Flanagan, Cormac and Freund, Stephen N.},
	title = {{FastTrack}: Efficient and Precise Dynamic Race Detection},
	booktitle = {Programming Language Design and Implementation},
	series = {PLDI '09},
	year = {2009},
	isbn = {978-1-60558-392-1},
	url = {http://doi.acm.org/10.1145/1542476.1542490},
	doi = {10.1145/1542476.1542490},
	acmid = {1542490},
	publisher = {ACM},
	keywords = {concurrency, dynamic analysis, race conditions},
}
@inproceedings{eternal-war,
	author = {Szekeres, Laszlo and Payer, Mathias and Wei, Tao and Song, Dawn},
	title = {SoK: Eternal War in Memory},
	booktitle = {Proceedings of the 2013 IEEE Symposium on Security and Privacy},
	series = {SP '13},
	year = {2013},
	isbn = {978-0-7695-4977-4},
	url = {http://dx.doi.org/10.1109/SP.2013.13},
	doi = {10.1109/SP.2013.13},
	acmid = {2498101},
	publisher = {IEEE Computer Society},
}
@article{lamport-clocks,
	author = {Lamport, Leslie},
	title = {Time, Clocks, and the Ordering of Events in a Distributed System},
	journal = {Commun. ACM},
	issue_date = {July 1978},
	volume = {21},
	number = {7},
	month = jul,
	year = {1978},
	issn = {0001-0782},
	url = {http://doi.acm.org/10.1145/359545.359563},
	doi = {10.1145/359545.359563},
	acmid = {359563},
	publisher = {ACM},
	keywords = {clock synchronization, computer networks, distributed systems, multiprocess systems},
}
@inproceedings{racefuzzer,
	author = {Sen, Koushik},
	title = {Race Directed Random Testing of Concurrent Programs},
	booktitle = {Proceedings of the 29th ACM SIGPLAN Conference on Programming Language Design and Implementation},
	series = {PLDI '08},
	year = {2008},
	isbn = {978-1-59593-860-2},
	url = {http://doi.acm.org/10.1145/1375581.1375584},
	doi = {10.1145/1375581.1375584},
	acmid = {1375584},
	publisher = {ACM},
	keywords = {concurrency, dynamic analysis, race detection, random testing},
}
@inproceedings{hybriddatarace,
	author = {O'Callahan, Robert and Choi, Jong-Deok},
	title = {Hybrid Dynamic Data Race Detection},
	booktitle = {Principles and Practice of Parallel Programming},
	series = {PPoPP '03},
	year = {2003},
	isbn = {1-58113-588-2},
	url = {http://doi.acm.org/10.1145/781498.781528},
	doi = {10.1145/781498.781528},
	acmid = {781528},
	publisher = {ACM},
	keywords = {Java, dynamic race detection, happens-before, lockset hybrid},
}
@inproceedings{cafa,
	author = {Hsiao, Chun-Hung and Yu, Jie and Narayanasamy, Satish and Kong, Ziyun and Pereira, Cristiano L. and Pokam, Gilles A. and Chen, Peter M. and Flinn, Jason},
	title = {Race Detection for Event-driven Mobile Applications},
	booktitle = {Proceedings of the 35th ACM SIGPLAN Conference on Programming Language Design and Implementation},
	series = {PLDI '14},
	year = {2014},
	isbn = {978-1-4503-2784-8},
	url = {http://doi.acm.org/10.1145/2594291.2594330},
	doi = {10.1145/2594291.2594330},
	acmid = {2594330},
	publisher = {ACM},
	keywords = {Android, causality model, concurrency, event-driven, mobile application, race detection, use-free race},
}
@inproceedings{droidracer,
	author = {Maiya, Pallavi and Kanade, Aditya and Majumdar, Rupak},
	title = {Race Detection for {Android} Applications},
	booktitle = {Proceedings of the 35th ACM SIGPLAN Conference on Programming Language Design and Implementation},
	series = {PLDI '14},
	year = {2014},
	isbn = {978-1-4503-2784-8},
	url = {http://doi.acm.org/10.1145/2594291.2594311},
	doi = {10.1145/2594291.2594311},
	acmid = {2594311},
	publisher = {ACM},
	keywords = {Android concurrency semantics, data races, happens-before reasoning},
}
@inproceedings{symbiosis,
	author = {Machado, Nuno and Lucia, Brandon and Rodrigues, Lu\'{\i}s},
	title = {Concurrency Debugging with Differential Schedule Projections},
	booktitle = {Proceedings of the 36th ACM SIGPLAN Conference on Programming Language Design and Implementation},
	series = {PLDI 2015},
	year = {2015},
	isbn = {978-1-4503-3468-6},
	url = {http://doi.acm.org/10.1145/2737924.2737973},
	doi = {10.1145/2737924.2737973},
	acmid = {2737973},
	publisher = {ACM},
	keywords = {Concurrency, Constraint Solving, Debugging, Differential Schedule Projection, Symbolic Execution},
}
@inproceedings{recordreplaydrs,
	author = {Narayanasamy, Satish and Wang, Zhenghao and Tigani, Jordan and Edwards, Andrew and Calder, Brad},
	title = {Automatically Classifying Benign and Harmful Data Races Using Replay Analysis},
	booktitle = {Proceedings of the 28th ACM SIGPLAN Conference on Programming Language Design and Implementation},
	series = {PLDI '07},
	year = {2007},
	isbn = {978-1-59593-633-2},
	url = {http://doi.acm.org/10.1145/1250734.1250738},
	doi = {10.1145/1250734.1250738},
	acmid = {1250738},
	publisher = {ACM},
	keywords = {benign data races, concurrency Bbugs, replay},
}
@inproceedings{portend,
	author = {Kasikci, Baris and Zamfir, Cristian and Candea, George},
	title = {Data Races vs. Data Race Bugs: Telling the Difference with Portend},
	booktitle = {Architectural Support for Programming Languages and Operating Systems},
	series = {ASPLOS XVII},
	year = {2012},
	isbn = {978-1-4503-0759-8},
	url = {http://doi.acm.org/10.1145/2150976.2150997},
	doi = {10.1145/2150976.2150997},
	acmid = {2150997},
	publisher = {ACM},
	keywords = {concurrency, data races, testing, triage},
}
@inproceedings{tsopso,
	author = {Zhang, Naling and Kusano, Markus and Wang, Chao},
	title = {Dynamic Partial Order Reduction for Relaxed Memory Models},
	booktitle = {Programming Language Design and Implementation},
	series = {PLDI 2015},
	year = {2015},
	isbn = {978-1-4503-3468-6},
	url = {http://doi.acm.org/10.1145/2737924.2737956},
	doi = {10.1145/2737924.2737956},
	acmid = {2737956},
	publisher = {ACM},
	keywords = {DPOR, PSO, Stateless model checking, TSO, partial order reduction, relaxed memory model, runtime verification},
}

@article{spin,
	author = {Holzmann, Gerard J.},
	title = {The Model Checker {SPIN}},
	journal = {IEEE Transactions on Software Engineering},
	issue_date = {May 1997},
	volume = {23},
	number = {5},
	month = may,
	year = {1997},
	issn = {0098-5589},
	url = {http://dx.doi.org/10.1109/32.588521},
	doi = {10.1109/32.588521},
	acmid = {260902},
	publisher = {IEEE Press},
	keywords = {Formal methods, program verification, design verification, model checking, distributed systems, concurrency.},
}

@inproceedings{samc,
	author = {Leesatapornwongsa, Tanakorn and Hao, Mingzhe and Joshi, Pallavi and Lukman, Jeffrey F. and Gunawi, Haryadi S.},
	title = {{SAMC}: Semantic-aware Model Checking for Fast Discovery of Deep Bugs in Cloud Systems},
	booktitle = {Operating Systems Design and Implementation},
	series = {OSDI'14},
	year = {2014},
	isbn = {978-1-931971-16-4},
	url = {http://dl.acm.org/citation.cfm?id=2685048.2685080},
	acmid = {2685080},
	publisher = {USENIX Association},
}

@inproceedings{iterative-deepening-chess-ai,
	author = {Korf, Richard E.},
	title = {Iterative-deepening-{A}: An Optimal Admissible Tree Search},
	booktitle = {Proceedings of the 9th International Joint Conference on Artificial Intelligence - Volume 2},
	series = {IJCAI'85},
	year = {1985},
	isbn = {0-934613-02-8, 978-0-934-61302-6},
	url = {http://dl.acm.org/citation.cfm?id=1623611.1623684},
	acmid = {1623684},
	publisher = {Morgan Kaufmann Publishers Inc.},
}
@inproceedings{ski,
	author = {Fonseca, Pedro and Rodrigues, Rodrigo and Brandenburg, Bj\"{o}rn B.},
	title = {SKI: Exposing Kernel Concurrency Bugs Through Systematic Schedule Exploration},
	booktitle = {Proceedings of the 11th USENIX Conference on Operating Systems Design and Implementation},
	series = {OSDI'14},
	year = {2014},
	isbn = {978-1-931971-16-4},
	url = {http://dl.acm.org/citation.cfm?id=2685048.2685081},
	acmid = {2685081},
	publisher = {USENIX Association},
}

@inproceedings{racerx,
	author = {Engler, Dawson and Ashcraft, Ken},
	title = {{RacerX}: Effective, Static Detection of Race Conditions and Deadlocks},
	booktitle = {Proceedings of the Nineteenth ACM Symposium on Operating Systems Principles},
	series = {SOSP '03},
	year = {2003},
	isbn = {1-58113-757-5},
	url = {http://doi.acm.org/10.1145/945445.945468},
	doi = {10.1145/945445.945468},
	acmid = {945468},
	publisher = {ACM},
	keywords = {deadlock detection, program checking, race detection},
}
@inproceedings{mcr,
	author = {Huang, Jeff},
	title = {Stateless Model Checking Concurrent Programs with Maximal Causality Reduction},
	booktitle = {Programming Language Design and Implementation},
	series = {PLDI 2015},
	year = {2015},
	isbn = {978-1-4503-3468-6},
	url = {http://doi.acm.org/10.1145/2737924.2737975},
	doi = {10.1145/2737924.2737975},
	acmid = {2737975},
	publisher = {ACM},
	keywords = {maximal causality reduction, stateless model checking},
}
@article{eraser,
	author = {Savage, Stefan and Burrows, Michael and Nelson, Greg and Sobalvarro, Patrick and Anderson, Thomas},
	title = {Eraser: A Dynamic Data Race Detector for Multithreaded Programs},
	journal = {ACM Trans. Comput. Syst.},
	issue_date = {Nov. 1997},
	volume = {15},
	number = {4},
	month = nov,
	year = {1997},
	issn = {0734-2071},
	url = {http://doi.acm.org/10.1145/265924.265927},
	doi = {10.1145/265924.265927},
	acmid = {265927},
	publisher = {ACM},
	keywords = {binary code modification, multithreaded programming, race detection},
}
@techreport{estimation,
	author = {Jiri Simsa and Randy Bryant and Garth Gibson},
	title = {Runtime Estimation and Resource Allocation for Concurrency Testing},
	institution = {Carnegie Mellon University},
	month = {December},
	year = {2012},
	url = {http://www.pdl.cmu.edu/PDL-FTP/Storage/CMU-PDL-12-113.pdf},
	number = {CMU-PDL-12-113},
}
@techreport{parallel-dpor,
	author = {Jiri Simsa and Randy Bryant and Garth Gibson and Jason Hickey},
	title = {Concurrent Systematic Testing at Scale},
	institution = {Carnegie Mellon University},
	month = {May},
	year = {2012},
	url = {http://www.pdl.cmu.edu/PDL-FTP/associated/CMU-PDL-12-101.pdf},
	number = {CMU-PDL-12-101},
}

@inproceedings{bpor,
	author = {Coons, Katherine E. and Musuvathi, Madan and McKinley, Kathryn S.},
	title = {Bounded Partial-order Reduction},
	booktitle = {Proceedings of the 2013 ACM SIGPLAN International Conference on Object Oriented Programming Systems Languages \&\#38; Applications},
	series = {OOPSLA '13},
	year = {2013},
	isbn = {978-1-4503-2374-1},
	url = {http://doi.acm.org/10.1145/2509136.2509556},
	doi = {10.1145/2509136.2509556},
	acmid = {2509556},
	publisher = {ACM},
	keywords = {bounded partial-order reduction, concurrency, dynamic partial-order reduction, fairness, liveness, model checking, shared-memory programs, software testing},
}

@inproceedings{optimal-dpor,
	author = {Abdulla, Parosh and Aronis, Stavros and Jonsson, Bengt and Sagonas, Konstantinos},
	title = {Optimal Dynamic Partial Order Reduction},
	booktitle = {Principles of Programming Languages},
	series = {POPL '14},
	year = {2014},
	acmid = {2535845},
	publisher = {ACM},
	keywords = {concurrency, dynamic partial oder reduction, software model checking, source sets, systematic testing, wakeup trees},
}

@inproceedings{parrot,
	author = {Cui, Heming and Simsa, Jiri and Lin, Yi-Hong and Li, Hao and Blum, Ben and Xu, Xinan and Yang, Junfeng and Gibson, Garth A. and Bryant, Randal E.},
	title = {Parrot: A Practical Runtime for Deterministic, Stable, and Reliable Threads},
	booktitle = {Proceedings of the Twenty-Fourth ACM Symposium on Operating Systems Principles},
	series = {SOSP '13},
	year = {2013},
	isbn = {978-1-4503-2388-8},
	url = {http://doi.acm.org/10.1145/2517349.2522735},
	doi = {10.1145/2517349.2522735},
	acmid = {2522735},
	publisher = {ACM},
	keywords = {deterministic multithreading, software model checking, stable multithreading, state space reduction},
}
@misc{c0libs,
	author = {Frank Pfenning},
	title = {C0 Libraries},
	institution = {Carnegie Mellon University},
	year = {2014},
	howpublished = {\url{http://c0.typesafety.net/doc/c0-libraries.pdf}},
}
@misc{c0,
	author = {Frank Pfenning},
	title = {C0 Reference},
	institution = {Carnegie Mellon University},
	year = {2014},
	howpublished = {\url{http://c0.typesafety.net/doc/c0-reference.pdf}},
}

@article{plan9,
	author = {Pike, Rob and Presotto, Dave and Thompson, Ken and Trickey, Howard and Winterbottom, Phil},
	title = {The use of name spaces in {Plan 9}},
	journal = {SIGOPS Oper. Syst. Rev.},
	year = {1993},
}

@INPROCEEDINGS{Pike90plan9,
	author = {Rob Pike and Dave Presotto and Ken Thompson and Howard Trickey},
	title = {Plan 9 from {Bell Labs}},
	booktitle = {In Proceedings of the Summer 1990 UKUUG Conference},
	year = {1990},
}

@inproceedings{pintos,
	author = {Pfaff, Ben and Romano, Anthony and Back, Godmar},
	title = {The {Pintos} Instructional Operating System Kernel},
	booktitle = {Proceedings of the 40th ACM Technical Symposium on Computer Science Education},
	series = {SIGCSE '09},
	year = {2009},
	isbn = {978-1-60558-183-5},
	url = {http://doi.acm.org/10.1145/1508865.1509023},
	doi = {10.1145/1508865.1509023},
	acmid = {1509023},
	publisher = {ACM},
	keywords = {instructional kernel, instructional operating system, pintos},
}
@misc{pintos-github,
	author = {Roger Chen},
	title = {{CS 162} skeleton code for group projects},
	institution = {University of California, Berkeley},
	howpublished = {\url{https://github.com/berkeley-cs162/group0}},
	year = {2015},
}

@misc{xv6,
	author = {Russ Cox and Cliff Frey and Xiao Yu and Nickolai Zeldovich and Austin Clements},
	title = {Xv6, a simple {Unix}-like teaching operating system},
	institution = {Massachussetts Institute of Technology},
	howpublished = {\url{http://pdos.csail.mit.edu/6.828/2012/xv6.html}},
}

@misc{thrlib,
	author = {David Eckhardt},
	title = {Project 2: User Level Thread Library},
	institution = {Carnegie Mellon University},
	year = {2016},
	howpublished = {\url{http://www.cs.cmu.edu/~410-f16/p2/thr_lib.pdf}},
}
@misc{kspec,
	author = {David Eckhardt},
	title = {Pebbles Kernel Specification},
	institution = {Carnegie Mellon University},
	year = {2016},
	howpublished = {\url{http://www.cs.cmu.edu/~410-f16/p2/kspec.pdf}},
}

@phdthesis{landslide-phdthesis,
	author       = {Ben Blum},
	title        = {Practical Concurrency Testing or, How I Learned to Stop Worrying and Love the Exponential Explosion},
	school       = {Carnegie Mellon University},
	year         = {2018},
	address      = {Pittsburgh, PA, USA},
}
@mastersthesis{landslide,
	author = {Blum, Ben},
	title = {Landslide: Systematic Dynamic Race Detection in Kernel Space},
	school = {Carnegie Mellon University},
	month = {May},
	year = {2012},
	url = {http://www.pdl.cmu.edu/PDL-FTP/associated/CMU-CS-12-118.pdf},
	number = {CMU-CS-12-118},
}

@misc{simics-interview,
	title = {Systematically Exposing {OS} Kernel Races - An Interview with {Ben Blum}},
	author = {Jakob Engblom},
	howpublished = {\url{http://blogs.windriver.com/tools/2012/09/systematically-exposing-os-kernel-races-an-interview-with-ben-blum.html}},
}

@inproceedings{sigcse01:CSaPP,
	key	=	"" ,
	author	=	"R. Bryant and D. O'Hallaron" ,
	title	=	"Introducing Computer Systems From a Programmer's Perspective" ,
	publisher=	"" ,
	organization=	"ACM" ,
	booktitle=	"Proc. of the 32nd Technical Symposium on Computer Science Education (SIGCSE)" ,
	month	=	feb ,
	year	=	"2001" ,
	address	=	"Charlotte, NC" ,
}

@article{SewellSOZNM:x86tso-cacm10,
	author    = {Peter Sewell and
	             Susmit Sarkar and
	             Scott Owens and
	             Zappa Nardelli, Francesco and
	             Magnus O. Myreen},
	title     = {{x86-TSO}: a rigorous and usable programmer's model for x86 multiprocessors},
	journal   = {Communications of the {ACM}},
	volume    = {53},
	number    = {7},
	year      = {2010},
	month     = jul,
	pages     = {89--97},
	issn      = {0001-0782},
	publisher = {{ACM}},
	address   = {New York, New York, USA},
	doi       = {10.1145/1785414.1785443},
}

@inproceedings{DBLP:conf/usenix/AccettaBBGRTY86,
		author    = {Michael J. Accetta and
		             Robert V. Baron and
		             William J. Bolosky and
		             David B. Golub and
		             Richard F. Rashid and
		             Avadis Tevanian and
		             Michael Young},
		title     = {Mach: A New Kernel Foundation for UNIX Development},
		booktitle = {USENIX Summer},
		year      = {1986},
		pages     = {93-113},
		bibsource = {DBLP, http://dblp.uni-trier.de}
}

@article{SIMFLEX,
	title = {{SIMFLEX}: A Fast, Accurate, Flexible Full-System Simulation Framework for Performance Evaluation of Server Architecture},
	author = {Hardavellas, Nikolaos and Somogyi, Stephen and Wenisch, Thomas~F. and Wunderlich, Roland E. and Chen, Shelley and Kim, Jangwoo and Falsafi, Babak and Hoe, James~C. and Nowatzyk, Andreas~G.},
	journal = {{ACM} {SIGMETRICS} Performance Evaluation Review},
	year = {2004},
}

%%%%%%%%%%%%%%%%%%%%%%%%%%%%%%%%%%%%%%%%%%%%%%%%%%%%%%%%%%%%%%%%%%%%%%%%%%%%%%%%
% Citations used in thesis below. More recent stuff above.
%%%%%%%%%%%%%%%%%%%%%%%%%%%%%%%%%%%%%%%%%%%%%%%%%%%%%%%%%%%%%%%%%%%%%%%%%%%%%%%%

@article{simics,
	author = {Magnusson, Peter S. and Christensson, Magnus and Eskilson, Jesper and Forsgren, Daniel and H{\aa}llberg, Gustav and H\"{o}gberg, Johan and Larsson, Fredrik and Moestedt, Andreas and Werner, Bengt},
	title = {Simics: A Full System Simulation Platform},
	journal = {Computer},
	issue_date = {February 2002},
	volume = {35},
	number = {2},
	month = feb,
	year = {2002},
	issn = {0018-9162},
	url = {http://dx.doi.org/10.1109/2.982916},
	doi = {10.1109/2.982916},
	acmid = {621909},
	publisher = {IEEE Computer Society Press},
}
@misc{de0u,
	author = {Eckhardt, David},
	howpublished = {Personal communication},
	year = 2011
}
@inproceedings{dpor,
	author = {Flanagan, Cormac and Godefroid, Patrice},
	title = {Dynamic Partial-order Reduction for Model Checking Software},
	booktitle = {Principles of Programming Languages},
	series = {POPL '05},
	year = {2005},
	isbn = {1-58113-830-X},
	url = {http://doi.acm.org/10.1145/1040305.1040315},
	doi = {10.1145/1040305.1040315},
	acmid = {1040315},
	publisher = {ACM},
	keywords = {partial-order reduction, software model checking},
}
@inproceedings{sdpor,
	author = {Yang, Yu and Chen, Xiaofang and Gopalakrishnan, Ganesh and Kirby, Robert M.},
	title = {{Efficient Stateful Dynamic Partial Order Reduction}},
	booktitle = {Proceedings of the 15th international workshop on Model Checking Software},
	series = {SPIN '08},
	year = {2008},
	isbn = {978-3-540-85113-4},
	url = {http://dx.doi.org/10.1007/978-3-540-85114-1_20},
	doi = {10.1007/978-3-540-85114-1_20},
	acmid = {1429100},
	publisher = {Springer-Verlag},
}
@techreport{dbug-retreat,
	author = {Jiri Simsa and Randy Bryant and Garth Gibson and Jason Hickey},
	title = {{Efficient Exploratory Testing of Concurrent Systems}},
	institution = {Carnegie Mellon University},
	month = {November},
	year = {2011},
	volume = {113},
	url = {http://www.pdl.cmu.edu/PDL-FTP/associated/CMU-PDL-11-113.pdf},
	number = {CMU-PDL-11-113},
}
@inproceedings{dbug-ssv,
	author = {Simsa, Jiri and Bryant, Randy and Gibson, Garth},
	title = {{dBug}: Systematic Evaluation of Distributed Systems},
	booktitle = {Systems Software Verification},
	series = {SSV'10},
	year = {2010},
	url = {http://dl.acm.org/citation.cfm?id=1929004.1929007},
	acmid = {1929007},
	publisher = {USENIX Association},
}
@inproceedings{distributed-dpor,
	author = {Yang, Yu and Chen, Xiaofang and Gopalakrishnan, Ganesh and Kirby, Robert M.},
	title = {Distributed dynamic partial order reduction based verification of threaded software},
	booktitle = {Proceedings of the 14th international SPIN conference on Model checking software},
	year = {2007},
	isbn = {978-3-540-73369-0},
	url = {http://dl.acm.org/citation.cfm?id=1770532.1770541},
	acmid = {1770541},
	publisher = {Springer-Verlag},
}
@inproceedings{verisoft,
	author = {Godefroid, Patrice},
	title = {{VeriSoft}: A Tool for the Automatic Analysis of Concurrent Reactive Software},
	booktitle = {Computer Aided Verification},
	series = {CAV '97},
	year = {1997},
	isbn = {3-540-63166-6},
	url = {http://dl.acm.org/citation.cfm?id=647766.733607},
	acmid = {733607},
	publisher = {Springer-Verlag},
}
@inproceedings{valgrind,
	author = {Nethercote, Nicholas and Seward, Julian},
	title = {Valgrind: a framework for heavyweight dynamic binary instrumentation},
	booktitle = {Proceedings of the 2007 ACM SIGPLAN conference on Programming language design and implementation},
	series = {PLDI '07},
	year = {2007},
	isbn = {978-1-59593-633-2},
	url = {http://doi.acm.org/10.1145/1250734.1250746},
	doi = {10.1145/1250734.1250746},
	acmid = {1250746},
	publisher = {ACM},
	keywords = {Memcheck, Valgrind, dynamic binary analysis, dynamic binary instrumentation, shadow values},
}

@inproceedings{simtester,
	author = {Yu, Tingting and Srisa-an, Witawas and Rothermel, Gregg},
	title = {{SimTester: a controllable and observable testing framework for embedded systems}},
	booktitle = {Proceedings of the 8th ACM SIGPLAN/SIGOPS conference on Virtual Execution Environments},
	series = {VEE '12},
	year = {2012},
	isbn = {978-1-4503-1176-2},
	url = {http://doi.acm.org/10.1145/2151024.2151034},
	doi = {10.1145/2151024.2151034},
	acmid = {2151034},
	publisher = {ACM},
	keywords = {concurrency, device drivers, kernels, testing},
}

@inproceedings{racepro,
	author = {Laadan, Oren and Viennot, Nicolas and Tsai, Chia-Che and Blinn, Chris and Yang, Junfeng and Nieh, Jason},
	title = {Pervasive detection of process races in deployed systems},
	booktitle = {Proceedings of the Twenty-Third ACM Symposium on Operating Systems Principles},
	series = {SOSP '11},
	year = {2011},
	isbn = {978-1-4503-0977-6},
	url = {http://doi.acm.org/10.1145/2043556.2043589},
	doi = {10.1145/2043556.2043589},
	acmid = {2043589},
	publisher = {ACM},
	keywords = {debugging, model checking, race detection, record-replay},
}
@inproceedings{chess-icb,
	author = {Musuvathi, Madanlal and Qadeer, Shaz},
	title = {Iterative Context Bounding for Systematic Testing of Multithreaded Programs},
	booktitle = {Proceedings of the 28th ACM SIGPLAN Conference on Programming Language Design and Implementation},
	series = {PLDI '07},
	year = {2007},
	isbn = {978-1-59593-633-2},
	url = {http://doi.acm.org/10.1145/1250734.1250785},
	doi = {10.1145/1250734.1250785},
	acmid = {1250785},
	publisher = {ACM},
	keywords = {concurrency, context-bounding, model checking, multithreading, partial-order reduction, shared-memory programs, software testing},
}
@inproceedings{chess,
	author = {Musuvathi, Madanlal and Qadeer, Shaz and Ball, Thomas and Basler, Gerard and Nainar, Piramanayagam Arumuga and Neamtiu, Iulian},
	title = {Finding and Reproducing Heisenbugs in Concurrent Programs},
	booktitle = {Operating Systems Design and Implementation},
	series = {OSDI'08},
	year = {2008},
	url = {http://dl.acm.org/citation.cfm?id=1855741.1855760},
	acmid = {1855760},
	publisher = {USENIX Association},
}
@inproceedings{klee,
	author = {Cadar, Cristian and Dunbar, Daniel and Engler, Dawson},
	title = {{KLEE: unassisted and automatic generation of high-coverage tests for complex systems programs}},
	booktitle = {Proceedings of the 8th USENIX conference on Operating Systems Design and Implementation},
	series = {OSDI'08},
	year = {2008},
	url = {http://dl.acm.org/citation.cfm?id=1855741.1855756},
	acmid = {1855756},
	publisher = {USENIX Association},
}
@inproceedings{deviant-bugs,
	author = {Engler, Dawson and Chen, David Yu and Hallem, Seth and Chou, Andy and Chelf, Benjamin},
	title = {Bugs as deviant behavior: a general approach to inferring errors in systems code},
	booktitle = {Proceedings of the eighteenth ACM Symposium on Operating Systems Principles},
	series = {SOSP '01},
	year = {2001},
	isbn = {1-58113-389-8},
	url = {http://doi.acm.org/10.1145/502034.502041},
	doi = {10.1145/502034.502041},
	acmid = {502041},
	publisher = {ACM},
}
@misc{dawson,
	author = {Engler, Dawson},
	howpublished = {Personal communication},
	year = 2012
}
@inproceedings{aeg,
	author = {Thanassis Avgerinos and Sang Kil Cha and Brent Lim Tze Hao and David Brumley},
	title = {{AEG: Automatic Exploit Generation}},
	booktitle = {Network and Distributed System Security Symposium},
	month = feb,
	year = {2011}
}
@article{symbolic,
	author = {King, James C.},
	title = {Symbolic execution and program testing},
	journal = {Commun. ACM},
	issue_date = {July 1976},
	volume = {19},
	number = {7},
	month = jul,
	year = {1976},
	issn = {0001-0782},
	url = {http://doi.acm.org/10.1145/360248.360252},
	doi = {10.1145/360248.360252},
	acmid = {360252},
	publisher = {ACM},
	keywords = {program debugging, program proving, program testing, program verification, symbolic execution, symbolic interpretation},
}
@inproceedings{symbolic-disks,
	author = {Yang, Junfeng and Sar, Can and Twohey, Paul and Cadar, Cristian and Engler, Dawson},
	title = {{Automatically Generating Malicious Disks using Symbolic Execution}},
	booktitle = {Proceedings of the 2006 IEEE Symposium on Security and Privacy},
	series = {SP '06},
	year = {2006},
	isbn = {0-7695-2574-1},
	url = {http://dx.doi.org/10.1109/SP.2006.7},
	doi = {10.1109/SP.2006.7},
	acmid = {1130377},
	publisher = {IEEE Computer Society},
}
@inproceedings{dag-mining,
	author = {Seo, Eunsoo and Khan, Mohammad Maifi Hasan and Mohapatra, Prasant and Han, Jiawei and Abdelzaher, Tarek},
	title = {{Exposing Complex Bug-Triggering Conditions in Distributed Systems via Graph Mining}},
	booktitle = {Proceedings of the 2011 International Conference on Parallel Processing},
	series = {ICPP '11},
	year = {2011},
	isbn = {978-0-7695-4510-3},
	url = {http://dx.doi.org/10.1109/ICPP.2011.62},
	doi = {10.1109/ICPP.2011.62},
	acmid = {2066952},
	publisher = {IEEE Computer Society},
	keywords = {Fault diagnosis, Software debugging, Data mining},
}
@inproceedings{racetrack,
	author = {Yu, Yuan and Rodeheffer, Tom and Chen, Wei},
	title = {{RaceTrack: efficient detection of data race conditions via adaptive tracking}},
	booktitle = {Proceedings of the twentieth ACM symposium on Operating systems principles},
	series = {SOSP '05},
	year = {2005},
	isbn = {1-59593-079-5},
	url = {http://doi.acm.org/10.1145/1095810.1095832},
	doi = {10.1145/1095810.1095832},
	acmid = {1095832},
	publisher = {ACM},
	keywords = {race detection, virtual machine instrumentation},
}
@inproceedings{tsan,
	author = {Serebryany, Konstantin and Iskhodzhanov, Timur},
	title = {{ThreadSanitizer}: Data Race Detection in Practice},
	booktitle = {Workshop on Binary Instrumentation and Applications},
	series = {WBIA '09},
	year = {2009},
	isbn = {978-1-60558-793-6},
	url = {http://doi.acm.org/10.1145/1791194.1791203},
	doi = {10.1145/1791194.1791203},
	acmid = {1791203},
	publisher = {ACM},
	keywords = {Valgrind, concurrency bugs, dynamic data race detection, testing},
}
@inproceedings{modist,
	author = {Yang, Junfeng and Chen, Tisheng and Wu, Ming and Xu, Zhilei and Liu, Xuezheng and Lin, Haoxiang and Yang, Mao and Long, Fan and Zhang, Lintao and Zhou, Lidong},
	title = {{MODIST: transparent model checking of unmodified distributed systems}},
	booktitle = {Networked Systems Design and Implementation},
	series = {NSDI'09},
	year = {2009},
	url = {http://dl.acm.org/citation.cfm?id=1558977.1558992},
	acmid = {1558992},
	publisher = {USENIX Association},
}
@inproceedings{macemc,
	author = {Killian, Charles and Anderson, James W. and Jhala, Ranjit and Vahdat, Amin},
	title = {Life, death, and the critical transition: finding liveness bugs in systems code},
	booktitle = {Proceedings of the 4th USENIX conference on Networked systems design \& implementation},
	series = {NSDI'07},
	year = {2007},
	url = {http://dl.acm.org/citation.cfm?id=1973430.1973448},
	acmid = {1973448},
	publisher = {USENIX Association},
}
@inproceedings{demeter,
	author = {Guo, Huayang and Wu, Ming and Zhou, Lidong and Hu, Gang and Yang, Junfeng and Zhang, Lintao},
	title = {Practical Software Model Checking via Dynamic Interface Reduction},
	booktitle = {Proceedings of the Twenty-Third ACM Symposium on Operating Systems Principles},
	series = {SOSP '11},
	year = {2011},
	isbn = {978-1-4503-0977-6},
	url = {http://doi.acm.org/10.1145/2043556.2043582},
	doi = {10.1145/2043556.2043582},
	acmid = {2043582},
	publisher = {ACM},
	keywords = {dynamic interface reduction, software model checking, state space reduction},
}
@inproceedings{barrelfish,
	author = {Baumann, Andrew and Barham, Paul and Dagand, Pierre-Evariste and Harris, Tim and Isaacs, Rebecca and Peter, Simon and Roscoe, Timothy and Sch\"{u}pbach, Adrian and Singhania, Akhilesh},
	title = {{The multikernel: a new OS architecture for scalable multicore systems}},
	booktitle = {Proceedings of the ACM SIGOPS 22nd Symposium on Operating Systems Principles},
	series = {SOSP '09},
	year = {2009},
	isbn = {978-1-60558-752-3},
	url = {http://doi.acm.org/10.1145/1629575.1629579},
	doi = {10.1145/1629575.1629579},
	acmid = {1629579},
	publisher = {ACM},
	keywords = {message passing, multicore processors, scalability},
}
@inproceedings{sel4,
	author = {Klein, Gerwin and Elphinstone, Kevin and Heiser, Gernot and Andronick, June and Cock, David and Derrin, Philip and Elkaduwe, Dhammika and Engelhardt, Kai and Kolanski, Rafal and Norrish, Michael and Sewell, Thomas and Tuch, Harvey and Winwood, Simon},
	title = {{seL4: formal verification of an OS kernel}},
	booktitle = {Proceedings of the ACM SIGOPS 22nd Symposium on Operating Systems Principles},
	series = {SOSP '09},
	year = {2009},
	isbn = {978-1-60558-752-3},
	url = {http://doi.acm.org/10.1145/1629575.1629596},
	doi = {10.1145/1629575.1629596},
	acmid = {1629596},
	publisher = {ACM},
	keywords = {isabelle/hol, l4, microkernel, sel4},
}
@inproceedings{datacollider,
	author = {Erickson, John and Musuvathi, Madanlal and Burckhardt, Sebastian and Olynyk, Kirk},
	title = {Effective data-race detection for the kernel},
	booktitle = {Proceedings of the 9th USENIX conference on Operating Systems Design and Implementation},
	series = {OSDI'10},
	year = {2010},
	url = {http://dl.acm.org/citation.cfm?id=1924943.1924954},
	acmid = {1924954},
	publisher = {USENIX Association},
}
@inproceedings{carburizer,
	author = {Kadav, Asim and Renzelmann, Matthew J. and Swift, Michael M.},
	title = {Tolerating hardware device failures in software},
	booktitle = {Proceedings of the ACM SIGOPS 22nd Symposium on Operating Systems Principles},
	series = {SOSP '09},
	year = {2009},
	isbn = {978-1-60558-752-3},
	url = {http://doi.acm.org/10.1145/1629575.1629582},
	doi = {10.1145/1629575.1629582},
	acmid = {1629582},
	publisher = {ACM},
	keywords = {code generation, debugging, device drivers, recovery, reliability},
}



@inproceedings{kendo,
	author = {Olszewski, Marek and Ansel, Jason and Amarasinghe, Saman},
	title = {Kendo: efficient deterministic multithreading in software},
	booktitle = {Proceedings of the 14th international conference on Architectural support for programming languages and operating systems},
	series = {ASPLOS '09},
	year = {2009},
	isbn = {978-1-60558-406-5},
	url = {http://doi.acm.org/10.1145/1508244.1508256},
	doi = {10.1145/1508244.1508256},
	acmid = {1508256},
	publisher = {ACM},
	keywords = {debugging, determinism, deterministic multithreading, multicore, parallel programming},
}
@inproceedings{dthreads,
	author = {Liu, Tongping and Curtsinger, Charlie and Berger, Emery D.},
	title = {Dthreads: efficient deterministic multithreading},
	booktitle = {Proceedings of the Twenty-Third ACM Symposium on Operating Systems Principles},
	series = {SOSP '11},
	year = {2011},
	isbn = {978-1-4503-0977-6},
	url = {http://doi.acm.org/10.1145/2043556.2043587},
	doi = {10.1145/2043556.2043587},
	acmid = {2043587},
	publisher = {ACM},
}
@inproceedings{peregrine,
	author = {Cui, Heming and Wu, Jingyue and Gallagher, John and Guo, Huayang and Yang, Junfeng},
	title = {Efficient deterministic multithreading through schedule relaxation},
	booktitle = {Proceedings of the Twenty-Third ACM Symposium on Operating Systems Principles},
	series = {SOSP '11},
	year = {2011},
	isbn = {978-1-4503-0977-6},
	url = {http://doi.acm.org/10.1145/2043556.2043588},
	doi = {10.1145/2043556.2043588},
	acmid = {2043588},
	publisher = {ACM},
	keywords = {deterministic multithreading, program simplification, program slicing, symbolic execution},
}
