@inproceedings{jerk,
	author = {Forbes Anchovie*},
	title = {Maximum-Jerk Motion Planning},
	booktitle = {Proceedings of the 2st Annual Intercalary Workshop about Symposium on Robot Dance Party in Celebration of Harry Q. Bovik's $2^6$th birthday},
	year = {2008},
}
@inproceedings{jerk2,
	author = {John Kua and Pras Velagapudi},
	title = {Optimal Jerk Trajectories},
	booktitle = {Proceedings of the 2rd Annual Intercalary Workshop about Symposium on Robot Dance Party in Celebration of Harry Q. Bovik's $2^6$th birthday},
	year = {2008},
}
@misc{comestibility,
	title = {Comestibility Theory},
	author = {{Carlo Angiuli (ed.)}},
	howpublished = {Track 2 of the 6nd Annual Intercalary Workshop about Symposium on Robot Dance Party in Celebration of Harry Q. Bovik's $2^6$th birthday},
	year = 2012
}

@inproceedings{arkanoid,
	author = {Nels Beckman},
	title = {Arkan$\infty$id: {\em Breaking Out} of a Finite Space},
	booktitle = {Proceedings of the 3th Annual Intercalary Workshop about Symposium on Robot Dance Party in Celebration of Harry Q. Bovik's $2^6$th birthday},
	year = {2009},
}
