@misc{rdr,
	title = {The Random Distance Run},
	author = {Wolfgang Richter and CMU Computer Science Department and {Random Structures and Algorithms}},
	howpublished = {\url{http://www.cs.cmu.edu/~RDR/}},
	year = 2012
}

@misc{GoLang,
	title = {The {Go} Programming Language Specification},
	author = {Google},
	howpublished = {\url{http://golang.org/ref/spec}},
	note = {With the {Go Team}},
	year = 2012
}

@misc{RustLang,
	title = {{Rust} Reference Manual},
	author = {Graydon Hoare},
	howpublished = {\url{http://dl.rust-lang.org/doc/rust.html}},
	note = {With the {Rust Team}},
	year = 2012
}

@misc{CSharp,
	title = {Standard {ECMA}-334, {C}$\sharp$ Language Specification},
	author = {Technical Committee 39 Task Group 2, Ecma},
	howpublished = {\url{http://www.ecma-international.org/publications/standards/Ecma-334.htm}},
	year = 2006
}

@misc{Erlang,
	title = {{Erlang} 4.7.3 Reference Manual (Draft, 0.7)},
	author = {Jonas Barklund and Robert Virding},
	howpublished = {\url{http://www.erlang.org/download/erl_spec47.ps.gz}},
	year = 1999
}

@article{haskell98,
	 author = {Simon {Peyton Jones}},
	 title = {The {Haskell} 98 Language and Libraries: The Revised Report},
	 journal = {Journal of Functional Programming},
	 volume = 13,
	 number = 1,
	 month = {Jan},
	 year = 2003,
	 note = {\url{http://www.haskell.org/definition/}},
}

@book{python,
	author = {Beazley, David and Rossum, Guido Van},
	title = {Python; Essential Reference},
	year = {1999},
	isbn = {0735709017},
	publisher = {New Riders Publishing},
	address = {Thousand Oaks, CA, USA},
}

@inproceedings{sml,
	author = {Dreyer, Derek and Crary, Karl and Harper, Robert},
	title = {A type system for higher-order modules},
	booktitle = {Proceedings of the 30th ACM SIGPLAN-SIGACT symposium on Principles of programming languages},
	series = {POPL '03},
	year = {2003},
	isbn = {1-58113-628-5},
	location = {New Orleans, Louisiana, USA},
	pages = {236--249},
	numpages = {14},
	url = {http://doi.acm.org/10.1145/604131.604151},
	doi = {10.1145/604131.604151},
	acmid = {604151},
	publisher = {ACM},
	address = {New York, NY, USA},
	keywords = {abstract data types, computational effects, functors, generativity, modularity, singleton types, type theory},
}

@book{lambda,
	author = {Church, Alonzo},
	title = {The Calculi of Lambda Conversion. (AM-6) (Annals of Mathematics Studies)},
	year = {1985},
	isbn = {0691083940},
	publisher = {Princeton University Press},
	address = {Princeton, NJ, USA},
}
@inproceedings{patenttroll,
	author = {Robert J. Simmons and Tom Murphy 7},
	title = {A modest proposal for the purity of programming},
	booktitle = {Proceedings of the 6th Annual Intercalary Workshop about Symposium on Robot Dance Party in Celebration of Harry Q. Bovik's $2^6$th birthday},
	year = {2012},
}
@inproceedings{mla,
	author = {Richard Ha},
	title = {{MLA}-Style Programming},
	booktitle = {Proceedings of the 5th Annual Intercalary Workshop about Symposium on Robot Dance Party in Celebration of Harry Q. Bovik's $2^6$th birthday},
	year = {2011},
}
@inproceedings{wikiplia,
	author = {Tom Murphy 7},
	title = {Wikiplia: The free programming language that anyone can edit},
	booktitle = {Proceedings of the 1st Annual Intercalary Workshop about Symposium on Robot Dance Party in Celebration of Harry Q. Bovik's $2^6$th birthday},
	year = {2007},
}
