@misc{dril,
	title = {using my turn at a karaoke bar to try to do a 5 miunte routine that basically just says bryan singer is the new gawker writer or something},
	author = {{wint} {dril}},
	year = {2019},
	howpublished = {Twitter},
}
@inproceedings{epsilon,
	title = { What, if anything, is Epsilon? },
	author = { {Tom Murphy} VII },
	series = { SIGBOVIK },
	year = { 2014 },
}
@inproceedings{crossoveriness,
	title = { A Boring Follow-Up Paper to ``{Which} {ITG} Stepcharts are Turniest?'' Titled, ``{Which} {ITG} Stepcharts are Crossoveriest and/or Footswitchiest?''},
	author = { Ben Blum },
	series = { SIGBOVIK },
	year = { 2017 },
}
@inproceedings{turniness,
	title = { Which {ITG} Stepcharts are Turniest? },
	author = { Ben Blum },
	series = { SIGBOVIK },
	year = { 2016 },
}
@inproceedings{itg-translation1,
	author = {Karakos, Damianos and Eisner, Jason and Khudanpur, Sanjeev and Dreyer, Markus},
	title = {Machine Translation System Combination Using {ITG}-based Alignments},
	booktitle = {Proceedings of the 46th Annual Meeting of the Association for Computational Linguistics on Human Language Technologies: Short Papers},
	series = {HLT-Short '08},
	year = {2008},
	location = {Columbus, Ohio},
	pages = {81--84},
	numpages = {4},
	url = {http://dl.acm.org/citation.cfm?id=1557690.1557712},
	acmid = {1557712},
	publisher = {Association for Computational Linguistics},
	address = {Stroudsburg, PA, USA},
}
@article{itg-translation2,
	author = {Goto, Isao and Utiyama, Masao and Sumita, Eiichiro},
	title = {Post-Ordering by Parsing with {ITG} for {Japanese}-{English} Statistical Machine Translation},
	issue_date = {October 2013},
	volume = {12},
	number = {4},
	month = oct,
	year = {2013},
	issn = {1530-0226},
	pages = {17:1--17:22},
	articleno = {17},
	numpages = {22},
	url = {http://doi.acm.org/10.1145/2518100},
	doi = {10.1145/2518100},
	acmid = {2518100},
	publisher = {ACM},
	address = {New York, NY, USA},
	keywords = {Machine translation, inversion transduction grammar, parsing, post-ordering},
}
@book{dnd-mm,
	title = {Advanced Dungeons \& Dragons: Monster Manual},
	author = {Gary Gygax},
	publisher = {TSR},
	year = 1977
}
@book{dnd-phb,
	title = {Advanced Dungeons \& Dragons: Player's Handbook},
	author = {Gary Gygax},
	publisher = {TSR},
	year = 1978
}
@book{dnd-dmg,
	title = {Advanced Dungeons \& Dragons: Dungeon Master's Guide},
	author = {Gary Gygax},
	publisher = {TSR},
	year = 1979
}

@misc{rdr,
	title = {The Random Distance Run},
	author = {Wolfgang Richter and CMU Computer Science Department and {Random Structures and Algorithms}},
	howpublished = {\url{http://www.cs.cmu.edu/~RDR/}},
	year = 2012
}

@misc{GoLang,
	title = {The {Go} Programming Language Specification},
	author = {Google},
	howpublished = {\url{http://golang.org/ref/spec}},
	note = {With the {Go Team}},
	year = 2012
}

@misc{RustLang,
	title = {{Rust} Reference Manual},
	author = {Graydon Hoare},
	howpublished = {\url{http://dl.rust-lang.org/doc/rust.html}},
	note = {With the {Rust Team}},
	year = 2012
}

@misc{CSharp,
	title = {Standard {ECMA}-334, {C}$\sharp$ Language Specification},
	author = {Technical Committee 39 Task Group 2, Ecma},
	howpublished = {\url{http://www.ecma-international.org/publications/standards/Ecma-334.htm}},
	year = 2006
}

@misc{Erlang,
	title = {{Erlang} 4.7.3 Reference Manual (Draft, 0.7)},
	author = {Jonas Barklund and Robert Virding},
	howpublished = {\url{http://www.erlang.org/download/erl_spec47.ps.gz}},
	year = 1999
}

@article{haskell98,
	 author = {Simon {Peyton Jones}},
	 title = {The {Haskell} 98 Language and Libraries: The Revised Report},
	 journal = {Journal of Functional Programming},
	 volume = 13,
	 number = 1,
	 month = {Jan},
	 year = 2003,
	 note = {\url{http://www.haskell.org/definition/}},
}

@book{python,
	author = {Beazley, David and Rossum, Guido Van},
	title = {Python; Essential Reference},
	year = {1999},
	isbn = {0735709017},
	publisher = {New Riders Publishing},
	address = {Thousand Oaks, CA, USA},
}

@inproceedings{sml,
	author = {Dreyer, Derek and Crary, Karl and Harper, Robert},
	title = {A type system for higher-order modules},
	booktitle = {Proceedings of the 30th ACM SIGPLAN-SIGACT symposium on Principles of programming languages},
	series = {POPL '03},
	year = {2003},
	isbn = {1-58113-628-5},
	location = {New Orleans, Louisiana, USA},
	pages = {236--249},
	numpages = {14},
	url = {http://doi.acm.org/10.1145/604131.604151},
	doi = {10.1145/604131.604151},
	acmid = {604151},
	publisher = {ACM},
	address = {New York, NY, USA},
	keywords = {abstract data types, computational effects, functors, generativity, modularity, singleton types, type theory},
}

@book{lambda,
	author = {Church, Alonzo},
	title = {The Calculi of Lambda Conversion. (AM-6) (Annals of Mathematics Studies)},
	year = {1985},
	isbn = {0691083940},
	publisher = {Princeton University Press},
	address = {Princeton, NJ, USA},
}
@inproceedings{twoface,
	author = {Ben Blum},
	title = {A Randomized Commit Protocol for Adversarial - Nay, Supervillain - Workloads},
	booktitle = {Proceedings of the 6th Annual Intercalary Workshop about Symposium on Robot Dance Party in Celebration of Harry Q. Bovik's $2^6$th birthday},
	year = {2012},
}
@inproceedings{patenttroll,
	author = {Robert J. Simmons and Tom Murphy VII},
	title = {A modest proposal for the purity of programming},
	booktitle = {Proceedings of the 6th Annual Intercalary Workshop about Symposium on Robot Dance Party in Celebration of Harry Q. Bovik's $2^6$th birthday},
	year = {2012},
}
@inproceedings{mla,
	author = {Richard Ha},
	title = {{MLA}-Style Programming},
	booktitle = {Proceedings of the 5th Annual Intercalary Workshop about Symposium on Robot Dance Party in Celebration of Harry Q. Bovik's $2^6$th birthday},
	year = {2011},
}
@inproceedings{wikiplia,
	author = {Tom Murphy 7},
	title = {Wikiplia: The free programming language that anyone can edit},
	booktitle = {Proceedings of the 1st Annual Intercalary Workshop about Symposium on Robot Dance Party in Celebration of Harry Q. Bovik's $2^6$th birthday},
	year = {2007},
}

@inproceedings{patterns,
	author = {Sara Ezgi Akgul},
	title = {This is how we {DO} in {DDRillini}},
	booktitle = {DDR + ITG Players Facebook Group},
	location = {UIUC Rhythm Games Club},
	pages = {You want page numbers, bibtex? It's a photo of a whiteboard from Facebook. Get it together.},
	year = {2015},
}

@misc{rocketleague,
	title = {Rocket League},
	author = {Psyonix},
	howpublished = {Video game},
	year = {2015},
}
@misc{konami,
	title = { {Konami Corporation} v. {Roxor Games, Inc.}, {Mad Catz, Inc}., and {Redoctane} },
	author = { Konami },
	howpublished = { United States District Court for the Eastern District of Texas },
	year = { 2005 },
}
@inproceedings{deltax,
	title = { {DeltaX}: A New Paradigm for Machine Translation },
	author = { Greg Hanneman },
	series = { A Record of The Proceedings of SIGBOVIK 2010 },
	year = { 2010 },
}
@inproceedings{ode,
	title = {Ode to Reviewer Two},
	shorthand = {Anonymized},
	author = {Anonymized for Double-Blind Submission},
	series = {SIGBOVIK 10 (that's decimal, not binary)},
	year = { 2016 },
}
@inproceedings{weirdtrick,
	title = { Find a Separating Hyperplane with this One Weird Kernel Trick! },
	author = { David F. Fouhey and Daniel Maturana },
	series = { Proceedings of the 7 th ACH SIGBOVIK Special Interest Group on Harry Quechua Bovik },
	year = { 2013 },
}

@book{bruteforce1,
 author = {Apostol, Klaas},
 title = {Brute-force Attack},
 year = {2012},
 isbn = {613627454X, 9786136274546},
 publisher = {SaluPress},
} 
@book{bruteforce2,
 author = {Curtin, Matt},
 title = {Brute Force: Cracking the Data Encryption Standard},
 year = {2005},
 isbn = {0387201092},
 publisher = {Springer-Verlag New York, Inc.},
 address = {Secaucus, NJ, USA},
} 

@misc{callofthehound,
	title = { Rynker - Call of the Hound (Tachyon Epsilon 20) 88.21 },
	author = { Ryan Konkul },
	howpublished = { \url{https://www.youtube.com/watch?v=6yB5WmIBZPk} },
	year = { 2014 },
}
@misc{teamdragonforce,
	title = {TEAM DRAGONFORCE},
	author = {Zetorux and {WinDEU}},
	howpublished = {\url{https://www.youtube.com/watch?v=uSfx5Zdgyfc}},
	year = {2008},
}
@misc{dawgsinthehouse,
	title = { [DDR] Canblaster - "Dawgs in da House" Stupid Doubles Chart (10) },
	author = { {thattagen} },
	howpublished = { \url{https://www.youtube.com/watch?v=CZlB16BroPg} },
	year = { 2014 },
}
@misc{alanv,
	author = {Alan Vangpat},
	howpublished = {\url{http://photos2.alanv.org/}},
	year = {2015},
}
@misc{stepmania,
	author = {{StepMania 5.0}},
	howpublished = {\url{http://www.stepmania.com/}},
	year = {2016},
}
@inproceedings{sickdubstep,
	title = {Sick Dubstep Track},
	author = {mute and Captain Gotobed},
	note = {Challenge 6482},
	series = {Mute Sims 7},
	year = {2011},
}
@inproceedings{oedo,
	title = {Oedo Hop},
	author = {sssmsm and Palpable},
	note = {Medium 7},
	series = {r2112},
	year = {2007},
}
@inproceedings{utopia,
	title = {Utopia},
	author = {C. Foy and Kyle Ward \smiley},
	note = {Challenge 11},
	series = {In The Groove 1},
	year = {2004},
}
@inproceedings{brilliant2u,
	title = {BRILLIANT {2U} (Orchestra-Groove)},
	author = {Konami},
	note = {Challenge 8},
	year = {DDR 2ndMIX},
}
@inproceedings{dome,
	title = {DO ME ({H.I.G.E.O.} Mix)},
	author = {Konami},
	note = {Easy 3},
	year = {DDR 4thMIX PLUS},
}
@inproceedings{botenanna,
	title = {Boten Anna},
	author = {{MIDI} and Basshunter},
	note = {Challenge 11},
	series = {In The Groove Rebirth +},
	year = {2007},
}
@inproceedings{deltamax,
	title = {{$\Delta$MAX}},
	author = {{WinDEU} and DM Ashura},
	note = {Challenge 15},
	series = {Tachyon Alpha},
	year = {2009},
}
@misc{simplylove,
	author = {Lara {hurtpiggypig}},
	title = {Simply Love},
	howpublished = {Simply Love is a custom theme designed for Stepmania 3.95 or ITG arcade machines.},
	year = {2013},
}
