@inproceedings{original,
	author = {Leonh. Eulero.},
	title = {SOLVTIO PROBLEMATIS AD GEOMETRIAM SITVS},
	booktitle = {Commentarii academiae scientiarum Petropolitanae pp. 128-140},
	year = {1741},
}

@inproceedings{wikipedia,
	author = {Wales, James},
	title = {Seven Bridges of K\"onigsberg},
	booktitle = {Wikipedia, the free encyclopedia},
	year = {2015},
}

@misc{alanv,
	author = {Alan Vangpat},
	title = {Alan's Photos},
	howpublished = {http://journal2.alanv.org/?p=2675},
	year = {2012},
}

@inproceedings{what-is-epsilon,
	author = {Dr. Tom Murphy VII},
	title = {What, if anything, is epsilon?},
	booktitle = {Proceedings of the Eightieth Centennial Intracalary Robot Dance Party in Mourning of Harry W. Bovik's $3^6$th Birthday},
	year = {2014},
}
